@Manual{R-bookdown,
  title = {bookdown: Authoring Books and Technical
    Documents with R Markdown},
  author = {Yihui Xie},
  year = {2023},
  note = {R package version 0.33},
  url = {https://CRAN.R-project.org/package=bookdown},
}

@Manual{R-Boruta,
  title = {Boruta: Wrapper Algorithm for All Relevant
    Feature Selection},
  author = {Miron Bartosz Kursa and Witold Remigiusz
    Rudnicki},
  year = {2022},
  note = {R package version 8.0.0},
  url = {https://gitlab.com/mbq/Boruta/},
}

@Manual{R-broom,
  title = {broom: Convert Statistical Objects into Tidy
    Tibbles},
  author = {David Robinson and Alex Hayes and Simon Couch},
  year = {2023},
  note = {R package version 1.0.4},
  url = {https://CRAN.R-project.org/package=broom},
}

@Manual{R-caret,
  title = {caret: Classification and Regression Training},
  author = {Max Kuhn},
  year = {2023},
  note = {R package version 6.0-94},
  url = {https://github.com/topepo/caret/},
}

@Manual{R-ggplot2,
  title = {ggplot2: Create Elegant Data Visualisations
    Using the Grammar of Graphics},
  author = {Hadley Wickham and Winston Chang and Lionel
    Henry and Thomas Lin Pedersen and Kohske Takahashi and
    Claus Wilke and Kara Woo and Hiroaki Yutani and Dewey
    Dunnington},
  year = {2023},
  note = {R package version 3.4.1},
  url = {https://CRAN.R-project.org/package=ggplot2},
}

@Manual{R-mlbench,
  title = {mlbench: Machine Learning Benchmark Problems},
  author = {Friedrich Leisch and Evgenia Dimitriadou.},
  year = {2021},
  note = {R package version 2.1-3},
  url = {https://CRAN.R-project.org/package=mlbench},
}

@Manual{R-mosaic,
  title = {mosaic: Project MOSAIC Statistics and
    Mathematics Teaching Utilities},
  author = {Randall Pruim and Daniel T. Kaplan and Nicholas
    J. Horton},
  year = {2022},
  note = {R package version 1.8.4.2},
  url = {https://CRAN.R-project.org/package=mosaic},
}

@Manual{R-randomForest,
  title = {randomForest: Breiman and Cutler's Random
    Forests for Classification and Regression},
  author = {Leo Breiman and Adele Cutler and Andy Liaw and
    Matthew Wiener},
  year = {2022},
  note = {R package version 4.7-1.1},
  url =
    {https://www.stat.berkeley.edu/~breiman/RandomForests/},
}

@Manual{R-tidyverse,
  title = {tidyverse: Easily Install and Load the
    Tidyverse},
  author = {Hadley Wickham},
  year = {2023},
  note = {R package version 2.0.0},
  url = {https://CRAN.R-project.org/package=tidyverse},
}

@Book{bookdown2016,
  title = {bookdown: Authoring Books and Technical
    Documents with {R} Markdown},
  author = {Yihui Xie},
  publisher = {Chapman and Hall/CRC},
  address = {Boca Raton, Florida},
  year = {2016},
  note = {ISBN 978-1138700109},
  url = {https://bookdown.org/yihui/bookdown},
}

@Article{Boruta2010,
  title = {Feature Selection with the {Boruta} Package},
  author = {Miron B. Kursa and Witold R. Rudnicki},
  journal = {Journal of Statistical Software},
  year = {2010},
  volume = {36},
  number = {11},
  pages = {1--13},
  url = {https://doi.org/10.18637/jss.v036.i11},
}

@Article{caret2008,
  title = {Building Predictive Models in R Using the caret
    Package},
  volume = {28},
  url =
    {https://www.jstatsoft.org/index.php/jss/article/view/v028i05},
  doi = {10.18637/jss.v028.i05},
  number = {5},
  journal = {Journal of Statistical Software},
  author = {{Kuhn} and {Max}},
  year = {2008},
  pages = {1–26},
}

@Book{ggplot22016,
  author = {Hadley Wickham},
  title = {ggplot2: Elegant Graphics for Data Analysis},
  publisher = {Springer-Verlag New York},
  year = {2016},
  isbn = {978-3-319-24277-4},
  url = {https://ggplot2.tidyverse.org},
}

@Misc{mlbench1998,
  author = {D.J. Newman and S. Hettich and C.L. Blake and
    C.J. Merz},
  year = {1998},
  title = {UCI Repository of machine learning databases},
  url = {http://www.ics.uci.edu/~mlearn/MLRepository.html},
  institution = {University of California, Irvine, Dept. of
    Information and Computer Sciences},
}

@Article{mosaic2017,
  author = {Randall Pruim and Daniel T Kaplan and Nicholas
    J Horton},
  title = {The mosaic Package: Helping Students to 'Think
    with Data' Using R},
  journal = {The R Journal},
  volume = {9},
  number = {1},
  pages = {77--102},
  year = {2017},
  url =
    {https://journal.r-project.org/archive/2017/RJ-2017-024/index.html},
}

@Article{randomForest2002,
  title = {Classification and Regression by randomForest},
  author = {Andy Liaw and Matthew Wiener},
  journal = {R News},
  year = {2002},
  volume = {2},
  number = {3},
  pages = {18-22},
  url = {https://CRAN.R-project.org/doc/Rnews/},
}

@Article{tidyverse2019,
  title = {Welcome to the {tidyverse}},
  author = {Hadley Wickham and Mara Averick and Jennifer
    Bryan and Winston Chang and Lucy D'Agostino McGowan and
    Romain François and Garrett Grolemund and Alex Hayes
    and Lionel Henry and Jim Hester and Max Kuhn and Thomas
    Lin Pedersen and Evan Miller and Stephan Milton Bache
    and Kirill Müller and Jeroen Ooms and David Robinson
    and Dana Paige Seidel and Vitalie Spinu and Kohske
    Takahashi and Davis Vaughan and Claus Wilke and Kara
    Woo and Hiroaki Yutani},
  year = {2019},
  journal = {Journal of Open Source Software},
  volume = {4},
  number = {43},
  pages = {1686},
  doi = {10.21105/joss.01686},
}

